<record><leader>00000cas a22000007a 4500</leader><controlfield tag="001">21492768</controlfield><controlfield tag="008">900508d19uu199unjuwr ne      0   a0eng c</controlfield><datafield ind1=" " ind2=" " tag="010"><subfield code="a">sn 90004629 </subfield></datafield><datafield ind1=" " ind2=" " tag="040"><subfield code="a">NSD</subfield><subfield code="b">eng</subfield><subfield code="c">NSD</subfield><subfield code="d">OCLCQ</subfield></datafield><datafield ind1=" " ind2=" " tag="012"><subfield code="j">0</subfield><subfield code="m">d</subfield></datafield><datafield ind1="1" ind2=" " tag="022"><subfield code="a">1050-4575</subfield><subfield code="l">1050-4575</subfield><subfield code="2">1</subfield></datafield><datafield ind1=" " ind2=" " tag="037"><subfield code="b">Forbes Newspapers, 211 Lakeview Ave., Piscataway, NJ 08854</subfield></datafield><datafield ind1=" " ind2=" " tag="042"><subfield code="a">nsdp</subfield><subfield code="a">pcc</subfield></datafield><datafield ind1=" " ind2="0" tag="222"><subfield code="a">Piscataway Dunellen review</subfield></datafield><datafield ind1="0" ind2="0" tag="245"><subfield code="a">Piscataway Dunellen review.</subfield></datafield><datafield ind1=" " ind2=" " tag="260"><subfield code="a">Piscataway, N.J. :</subfield><subfield code="b">Forbes Newspapers</subfield></datafield><datafield ind1=" " ind2=" " tag="300"><subfield code="a">v.</subfield></datafield><datafield ind1=" " ind2=" " tag="310"><subfield code="a">Weekly</subfield></datafield><datafield ind1=" " ind2=" " tag="588"><subfield code="a">Description based on: Vol. 19, no. 6 (Feb. 8, 1990).</subfield></datafield><datafield ind1=" " ind2=" " tag="752"><subfield code="a">United States</subfield><subfield code="b">New Jersey</subfield><subfield code="c">Middlesex</subfield><subfield code="d">Piscataway.</subfield></datafield><datafield ind1=" " ind2=" " tag="752"><subfield code="a">United States</subfield><subfield code="b">New Jersey</subfield><subfield code="c">Middlesex</subfield><subfield code="d">Dunellen.</subfield></datafield><datafield ind1="0" ind2="0" tag="780"><subfield code="t">PD review (Piscataway, N.J.)</subfield><subfield code="w">(DLC)sn 89069106</subfield></datafield><datafield ind1="0" ind2="0" tag="785"><subfield code="t">Piscataway review</subfield><subfield code="x">1070-2563</subfield><subfield code="w">(DLC)sn 93004980</subfield><subfield code="w">(OCoLC)28309650</subfield></datafield></record>